@article{gallo1993directed,
  title={Directed hypergraphs and applications},
  author={Gallo, Giorgio and Longo, Giustino and Pallottino, Stefano and Nguyen, Sang},
  journal={Discrete applied mathematics},
  volume={42},
  number={2-3},
  pages={177--201},
  year={1993},
  publisher={Elsevier}
}

@article{Brazil2015,
	address = {Cham},
	author = {Brazil, Marcus and Zachariasen, Martin},
	pages = {301--317},
	publisher = {Springer International Publishing},
	title = {Steiner Trees in Graphs and Hypergraphs},
	year = {2015}
 }

@article{hgRecSystems,
author = {Tan, Shulong and Bu, Jiajun and Chen, C. and He, Xiaofei},
year = {2011},
month = {10},
pages = {213-237},
title = {Using Rich Social Media Information for Music Recommendation via Hypergraph Model},
volume = {7},
isbn = {978-0-85729-435-7},
journal = {ACM Transactions on Multimedia Computing Communications and Applications},
doi = {10.1007/978-0-85729-436-4_10}
}

@article{bioinformatics,
    author = {Patro, Rob and Kingsford, Carl},
    title = "{Predicting protein interactions via parsimonious network history inference}",
    journal = {Bioinformatics},
    volume = {29},
    number = {13},
    pages = {i237-i246},
    year = {2013},
    month = {06},
    issn = {1367-4803},
    doi = {10.1093/bioinformatics/btt224},
    url = {https://doi.org/10.1093/bioinformatics/btt224},
    eprint = {https://academic.oup.com/bioinformatics/article-pdf/29/13/i237/18534940/btt224.pdf},
}

@article{xkcd,
    author = {Randall Munroe},
    title = {``Standards"},
    journal = {xkcd},
    volume = {927},
    url = {https://xkcd.com/927/},
}

@article{3cnf,
  author={Feige, Uriel and Kim, Jeong Han and Ofek, Eran},
  booktitle={2006 47th Annual IEEE Symposium on Foundations of Computer Science (FOCS'06)}, 
  title={Witnesses for non-satisfiability of dense random 3CNF formulas}, 
  year={2006},
  volume={},
  number={},
  pages={497-508},
  doi={10.1109/FOCS.2006.78}
  }

@article{databases,
  title={On the desirability of $\gamma$-acyclic BCNF database schemes},
  author={Chan, Edward PF and Hern{\'a}ndez, H{\'e}ctor J},
  journal={Theoretical Computer Science},
  volume={62},
  number={1-2},
  pages={67--104},
  year={1986},
  publisher={Elsevier}
}

@misc{sinanPNNL,
  doi = {10.48550/ARXIV.1906.11295},
  
  url = {https://arxiv.org/abs/1906.11295},
  
  author = {Aksoy, Sinan G. and Joslyn, Cliff and Marrero, Carlos Ortiz and Praggastis, Brenda and Purvine, Emilie},
  
  keywords = {Physics and Society (physics.soc-ph), Social and Information Networks (cs.SI), Data Analysis, Statistics and Probability (physics.data-an), FOS: Physical sciences, FOS: Physical sciences, FOS: Computer and information sciences, FOS: Computer and information sciences},
  
  title = {Hypernetwork Science via High-Order Hypergraph Walks},
  
  publisher = {arXiv},
  
  year = {2019},
  
  copyright = {arXiv.org perpetual, non-exclusive license}
}


@article{lawler_cutsets_1973,
	title = {Cutsets and partitions of hypergraphs},
	volume = {3},
	issn = {00283045, 10970037},
	url = {https://onlinelibrary.wiley.com/doi/10.1002/net.3230030306},
	doi = {10.1002/net.3230030306},
	abstract = {A hypergraph i s a combinatorial structure with nodes and arcs, simiZar t o an ordinary "Zinear" graph, except that arcs are incident t o arbitrary subsets of nodes, instead of pairs of nodes. Cutsets of hypergraphs are defined i n a natural way, and it i s shown t h a t optimal cutsets can be found by means of a n e b o r k f l o w computation. The optimal cutset computation can be used t o generate a f a m i l y o f s d s e t s of nodes, which we c a l l LS s e t s . I n t u i t i v e l y , an LS s e t i s a subset o f nodes that are more strongly connected t o each other than t o nodes i n the compZementaq s e t . LS s e t s are useful f o r constructing optimal o r near-optimal partitions of the nodes. A polynomial-bounded partitioning aZgori thrn i s presented, and varyious applications are suggested.},
	language = {en},
	number = {3},
	urldate = {2023-01-31},
	journal = {Networks},
	author = {Lawler, E. L.},
	year = {1973},
	pages = {275--285},
	file = {Lawler - 1973 - Cutsets and partitions of hypergraphs.pdf:/Users/matt/Zotero/storage/U2QIZZPV/Lawler - 1973 - Cutsets and partitions of hypergraphs.pdf:application/pdf},
}
@article{rafaellaCheeger,
	doi = {10.1007/s00373-021-02348-z},
	url = {https://doi.org/10.1007%2Fs00373-021-02348-z},
	year = 2021,
	month = {jun},
	publisher = {Springer Science and Business Media {LLC}
},
	volume = {37},
	number = {6},
	pages = {2265--2286},
	author = {Raffaella Mulas},
	title = {A Cheeger Cut for Uniform Hypergraphs},
	journal = {Graphs and Combinatorics}
}

@misc{veldt_hypergraph_2020,
	title = {Hypergraph {Cuts} with {General} {Splitting} {Functions}},
	url = {http://arxiv.org/abs/2001.02817},
	language = {en},
	urldate = {2023-01-31},
	publisher = {arXiv},
	author = {Veldt, Nate and Benson, Austin R. and Kleinberg, Jon},
	month = jan,
	year = {2020},
	note = {arXiv:2001.02817 [cs]},
	keywords = {Computer Science - Computational Complexity, Computer Science - Data Structures and Algorithms, Computer Science - Discrete Mathematics},
	file = {Veldt et al. - 2020 - Hypergraph Cuts with General Splitting Functions.pdf:/Users/matt/Zotero/storage/78XA9UDN/Veldt et al. - 2020 - Hypergraph Cuts with General Splitting Functions.pdf:application/pdf},
}

@article{conlon_hypergraph_2019,
	title = {Hypergraph cuts above the average},
	volume = {233},
	issn = {0021-2172, 1565-8511},
	url = {http://link.springer.com/10.1007/s11856-019-1897-z},
	doi = {10.1007/s11856-019-1897-z},
	language = {en},
	number = {1},
	urldate = {2023-01-31},
	journal = {Israel Journal of Mathematics},
	author = {Conlon, David and Fox, Jacob and Kwan, Matthew and Sudakov, Benny},
	month = aug,
	year = {2019},
	pages = {67--111},
	file = {Conlon et al. - 2019 - Hypergraph cuts above the average.pdf:/Users/matt/Zotero/storage/RA4WE633/Conlon et al. - 2019 - Hypergraph cuts above the average.pdf:application/pdf},
}
@article{ageev_approximation_nodate,
	title = {An {Approximation} {Algorithm} for {Hypergraph} {Max} k-{Cut} with {Given} {Sizes} of {Parts}},
	language = {en},
	author = {Ageev, Alexander A and Sviridenko, Maxim I},
	file = {Ageev and Sviridenko - An Approximation Algorithm for Hypergraph Max k-Cu.pdf:/Users/matt/Zotero/storage/TLPLM6G7/Ageev and Sviridenko - An Approximation Algorithm for Hypergraph Max k-Cu.pdf:application/pdf},
}
@misc{rough_spectral_tensors,
  doi = {10.48550/ARXIV.1201.3424},
  
  url = {https://arxiv.org/abs/1201.3424},
  
  author = {Qi, Liqun},
  
  keywords = {Spectral Theory (math.SP), FOS: Mathematics, FOS: Mathematics},
  
  title = {The Spectral Theory of Tensors (Rough Version)},
  
  publisher = {arXiv},
  
  year = {2012},
  
  copyright = {arXiv.org perpetual, non-exclusive license}
}

@misc{jost_hypergraph_2018,
	title = {Hypergraph {Laplace} {Operators} for {Chemical} {Reaction} {Networks}},
	url = {http://arxiv.org/abs/1804.01474},
	abstract = {We generalize the normalized combinatorial Laplace operator for graphs by deﬁning two Laplace operators for hypergraphs that can be useful in the study of chemical reaction networks. We also investigate some properties of their spectra.},
	language = {en},
	urldate = {2023-01-31},
	publisher = {arXiv},
	author = {Jost, Jürgen and Mulas, Raffaella},
	month = jul,
	year = {2018},
	note = {arXiv:1804.01474 [math]},
	keywords = {Mathematics - Combinatorics, Mathematics - Spectral Theory},
	file = {Jost and Mulas - 2018 - Hypergraph Laplace Operators for Chemical Reaction.pdf:/Users/matt/Zotero/storage/N9EJRQL7/Jost and Mulas - 2018 - Hypergraph Laplace Operators for Chemical Reaction.pdf:application/pdf},
}

@misc{mulas_random_2021,
	title = {Random walks and {Laplacians} on hypergraphs: {When} do they match?},
	shorttitle = {Random walks and {Laplacians} on hypergraphs},
	url = {http://arxiv.org/abs/2106.11663},
	language = {en},
	urldate = {2023-01-31},
	publisher = {arXiv},
	author = {Mulas, Raffaella and Kuehn, Christian and Böhle, Tobias and Jost, Jürgen},
	month = jun,
	year = {2021},
	note = {arXiv:2106.11663 [math]},
	keywords = {Mathematics - Dynamical Systems, Mathematics - Spectral Theory},
	file = {Mulas et al. - 2021 - Random walks and Laplacians on hypergraphs When d.pdf:/Users/matt/Zotero/storage/K4N3V88X/Mulas et al. - 2021 - Random walks and Laplacians on hypergraphs When d.pdf:application/pdf},
}

@misc{sinan_random_walks_laplacians_clustering,
  doi = {10.48550/ARXIV.2006.16377},
  
  url = {https://arxiv.org/abs/2006.16377},
  
  author = {Hayashi, Koby and Aksoy, Sinan G. and Park, Cheong Hee and Park, Haesun},
  
  keywords = {Machine Learning (cs.LG), Machine Learning (stat.ML), FOS: Computer and information sciences, FOS: Computer and information sciences},
  
  title = {Hypergraph Random Walks, Laplacians, and Clustering},
  
  publisher = {arXiv},
  
  year = {2020},
  
  copyright = {arXiv.org perpetual, non-exclusive license}
}
